<record><leader>00000cas a2200000 a 4500</leader><controlfield tag="001">12141096</controlfield><controlfield tag="008">850611d19271932ksudr ne      0    0eng d</controlfield><datafield ind1=" " ind2=" " tag="010"><subfield code="a">sn 85030538 </subfield></datafield><datafield ind1=" " ind2=" " tag="040"><subfield code="a">KSH</subfield><subfield code="b">eng</subfield><subfield code="c">KSH</subfield><subfield code="d">NPT</subfield><subfield code="d">OCL</subfield><subfield code="d">OCLCQ</subfield></datafield><datafield ind1=" " ind2=" " tag="042"><subfield code="a">msc</subfield></datafield><datafield ind1="0" ind2=" " tag="130"><subfield code="a">Chanute tribune (Chanute, Kan. : 1927)</subfield></datafield><datafield ind1="1" ind2="4" tag="245"><subfield code="a">The Chanute tribune.</subfield></datafield><datafield ind1=" " ind2=" " tag="260"><subfield code="a">Chanute, Kan. :</subfield><subfield code="b">R.A. Harris &amp; Sons,</subfield><subfield code="c">1927-1932.</subfield></datafield><datafield ind1=" " ind2=" " tag="300"><subfield code="a">5 v. :</subfield><subfield code="b">ill. ;</subfield><subfield code="c">59 cm.</subfield></datafield><datafield ind1=" " ind2=" " tag="310"><subfield code="a">Daily (except Sunday)</subfield></datafield><datafield ind1="0" ind2=" " tag="362"><subfield code="a">Vol. 36, no. 159 (Oct. 14, 1927)-v. 40, no. 233 (Jan. 9, 1932).</subfield></datafield><datafield ind1=" " ind2=" " tag="752"><subfield code="a">United States</subfield><subfield code="b">Kansas</subfield><subfield code="c">Neosho</subfield><subfield code="d">Chanute.</subfield></datafield><datafield ind1="0" ind2="4" tag="780"><subfield code="t">Chanute daily tribune (Chanute, Kan. : 1911)</subfield><subfield code="w">(DLC)sn 85030537</subfield></datafield><datafield ind1="0" ind2="4" tag="780"><subfield code="t">Chanute weekly tribune (Chanute, Kan. : 1906)</subfield><subfield code="w">(DLC)sn 85030547</subfield></datafield><datafield ind1="0" ind2="7" tag="785"><subfield code="t">Daily timesett</subfield><subfield code="w">(DLC)sn 85030539</subfield></datafield><datafield ind1="0" ind2="7" tag="785"><subfield code="t">Chanute tribune and the daily timesett</subfield><subfield code="w">(DLC)sn 85030540</subfield></datafield></record>